%YAML 1.1
%TAG !u! tag:unity3d.com,2011:
--- !u!1 &6718549503336855041
GameObject:
  m_ObjectHideFlags: 0
  m_CorrespondingSourceObject: {fileID: 0}
  m_PrefabInstance: {fileID: 0}
  m_PrefabAsset: {fileID: 0}
  serializedVersion: 6
  m_Component:
  - component: {fileID: 903941877131860273}
  m_Layer: 0
  m_Name: MushroomCluster_01
  m_TagString: Untagged
  m_Icon: {fileID: 0}
  m_NavMeshLayer: 0
  m_StaticEditorFlags: 0
  m_IsActive: 1
--- !u!4 &903941877131860273
Transform:
  m_ObjectHideFlags: 0
  m_CorrespondingSourceObject: {fileID: 0}
  m_PrefabInstance: {fileID: 0}
  m_PrefabAsset: {fileID: 0}
  m_GameObject: {fileID: 6718549503336855041}
  m_LocalRotation: {x: 0, y: 0, z: 0, w: 1}
  m_LocalPosition: {x: -3.301, y: 0.245, z: -3.3500977}
  m_LocalScale: {x: 1, y: 1, z: 1}
  m_Children:
  - {fileID: 9075260510710488783}
  - {fileID: 3316945223228400336}
  - {fileID: 8856319901838523144}
  m_Father: {fileID: 0}
  m_RootOrder: 0
  m_LocalEulerAnglesHint: {x: 0, y: 0, z: 0}
--- !u!1001 &8342080432237012925
PrefabInstance:
  m_ObjectHideFlags: 0
  serializedVersion: 2
  m_Modification:
    m_TransformParent: {fileID: 903941877131860273}
    m_Modifications:
    - target: {fileID: 3715001030484903069, guid: d0e55039a27750b41b8b1b166b3fb12e,
        type: 3}
      propertyPath: m_Name
      value: Mushroom1 (1)
      objectReference: {fileID: 0}
    - target: {fileID: 1023663667020708210, guid: d0e55039a27750b41b8b1b166b3fb12e,
        type: 3}
      propertyPath: m_LocalPosition.x
      value: -0.14899111
      objectReference: {fileID: 0}
    - target: {fileID: 1023663667020708210, guid: d0e55039a27750b41b8b1b166b3fb12e,
        type: 3}
      propertyPath: m_LocalPosition.y
      value: -0.015240848
      objectReference: {fileID: 0}
    - target: {fileID: 1023663667020708210, guid: d0e55039a27750b41b8b1b166b3fb12e,
        type: 3}
      propertyPath: m_LocalPosition.z
      value: 3.3500977
      objectReference: {fileID: 0}
    - target: {fileID: 1023663667020708210, guid: d0e55039a27750b41b8b1b166b3fb12e,
        type: 3}
      propertyPath: m_LocalRotation.x
      value: -0
      objectReference: {fileID: 0}
    - target: {fileID: 1023663667020708210, guid: d0e55039a27750b41b8b1b166b3fb12e,
        type: 3}
      propertyPath: m_LocalRotation.y
      value: -0
      objectReference: {fileID: 0}
    - target: {fileID: 1023663667020708210, guid: d0e55039a27750b41b8b1b166b3fb12e,
        type: 3}
      propertyPath: m_LocalRotation.z
      value: -0
      objectReference: {fileID: 0}
    - target: {fileID: 1023663667020708210, guid: d0e55039a27750b41b8b1b166b3fb12e,
        type: 3}
      propertyPath: m_LocalRotation.w
      value: 1
      objectReference: {fileID: 0}
    - target: {fileID: 1023663667020708210, guid: d0e55039a27750b41b8b1b166b3fb12e,
        type: 3}
      propertyPath: m_RootOrder
      value: 0
      objectReference: {fileID: 0}
    - target: {fileID: 1023663667020708210, guid: d0e55039a27750b41b8b1b166b3fb12e,
        type: 3}
      propertyPath: m_LocalEulerAnglesHint.x
      value: 0
      objectReference: {fileID: 0}
    - target: {fileID: 1023663667020708210, guid: d0e55039a27750b41b8b1b166b3fb12e,
        type: 3}
      propertyPath: m_LocalEulerAnglesHint.y
      value: 0
      objectReference: {fileID: 0}
    - target: {fileID: 1023663667020708210, guid: d0e55039a27750b41b8b1b166b3fb12e,
        type: 3}
      propertyPath: m_LocalEulerAnglesHint.z
      value: 0
      objectReference: {fileID: 0}
    m_RemovedComponents: []
  m_SourcePrefab: {fileID: 100100000, guid: d0e55039a27750b41b8b1b166b3fb12e, type: 3}
--- !u!4 &9075260510710488783 stripped
Transform:
  m_CorrespondingSourceObject: {fileID: 1023663667020708210, guid: d0e55039a27750b41b8b1b166b3fb12e,
    type: 3}
  m_PrefabInstance: {fileID: 8342080432237012925}
  m_PrefabAsset: {fileID: 0}
--- !u!1001 &8608208025620769355
PrefabInstance:
  m_ObjectHideFlags: 0
  serializedVersion: 2
  m_Modification:
    m_TransformParent: {fileID: 903941877131860273}
    m_Modifications:
    - target: {fileID: 3801144878822249995, guid: 1e4729542cc90b84c9da596a8c979330,
        type: 3}
      propertyPath: m_Name
      value: Mushroom5 (1)
      objectReference: {fileID: 0}
    - target: {fileID: 977711648431427907, guid: 1e4729542cc90b84c9da596a8c979330,
        type: 3}
      propertyPath: m_LocalPosition.x
      value: -0.038991094
      objectReference: {fileID: 0}
    - target: {fileID: 977711648431427907, guid: 1e4729542cc90b84c9da596a8c979330,
        type: 3}
      propertyPath: m_LocalPosition.y
      value: -0.17424086
      objectReference: {fileID: 0}
    - target: {fileID: 977711648431427907, guid: 1e4729542cc90b84c9da596a8c979330,
        type: 3}
      propertyPath: m_LocalPosition.z
      value: 3.3500977
      objectReference: {fileID: 0}
    - target: {fileID: 977711648431427907, guid: 1e4729542cc90b84c9da596a8c979330,
        type: 3}
      propertyPath: m_LocalRotation.x
      value: -0
      objectReference: {fileID: 0}
    - target: {fileID: 977711648431427907, guid: 1e4729542cc90b84c9da596a8c979330,
        type: 3}
      propertyPath: m_LocalRotation.y
      value: -0
      objectReference: {fileID: 0}
    - target: {fileID: 977711648431427907, guid: 1e4729542cc90b84c9da596a8c979330,
        type: 3}
      propertyPath: m_LocalRotation.z
      value: -0
      objectReference: {fileID: 0}
    - target: {fileID: 977711648431427907, guid: 1e4729542cc90b84c9da596a8c979330,
        type: 3}
      propertyPath: m_LocalRotation.w
      value: 1
      objectReference: {fileID: 0}
    - target: {fileID: 977711648431427907, guid: 1e4729542cc90b84c9da596a8c979330,
        type: 3}
      propertyPath: m_RootOrder
      value: 2
      objectReference: {fileID: 0}
    - target: {fileID: 977711648431427907, guid: 1e4729542cc90b84c9da596a8c979330,
        type: 3}
      propertyPath: m_LocalEulerAnglesHint.x
      value: 0
      objectReference: {fileID: 0}
    - target: {fileID: 977711648431427907, guid: 1e4729542cc90b84c9da596a8c979330,
        type: 3}
      propertyPath: m_LocalEulerAnglesHint.y
      value: 0
      objectReference: {fileID: 0}
    - target: {fileID: 977711648431427907, guid: 1e4729542cc90b84c9da596a8c979330,
        type: 3}
      propertyPath: m_LocalEulerAnglesHint.z
      value: 0
      objectReference: {fileID: 0}
    m_RemovedComponents: []
  m_SourcePrefab: {fileID: 100100000, guid: 1e4729542cc90b84c9da596a8c979330, type: 3}
--- !u!4 &8856319901838523144 stripped
Transform:
  m_CorrespondingSourceObject: {fileID: 977711648431427907, guid: 1e4729542cc90b84c9da596a8c979330,
    type: 3}
  m_PrefabInstance: {fileID: 8608208025620769355}
  m_PrefabAsset: {fileID: 0}
--- !u!1001 &9078679659612677470
PrefabInstance:
  m_ObjectHideFlags: 0
  serializedVersion: 2
  m_Modification:
    m_TransformParent: {fileID: 903941877131860273}
    m_Modifications:
    - target: {fileID: 1060393178330940028, guid: 215544d23644cf34ea251e58fd9c5095,
        type: 3}
      propertyPath: m_Name
      value: Mushroom3 (1)
      objectReference: {fileID: 0}
    - target: {fileID: 6049982570118121358, guid: 215544d23644cf34ea251e58fd9c5095,
        type: 3}
      propertyPath: m_LocalPosition.x
      value: 0.219
      objectReference: {fileID: 0}
    - target: {fileID: 6049982570118121358, guid: 215544d23644cf34ea251e58fd9c5095,
        type: 3}
      propertyPath: m_LocalPosition.y
      value: -0.164
      objectReference: {fileID: 0}
    - target: {fileID: 6049982570118121358, guid: 215544d23644cf34ea251e58fd9c5095,
        type: 3}
      propertyPath: m_LocalPosition.z
      value: 3.3500977
      objectReference: {fileID: 0}
    - target: {fileID: 6049982570118121358, guid: 215544d23644cf34ea251e58fd9c5095,
        type: 3}
      propertyPath: m_LocalRotation.x
      value: -0
      objectReference: {fileID: 0}
    - target: {fileID: 6049982570118121358, guid: 215544d23644cf34ea251e58fd9c5095,
        type: 3}
      propertyPath: m_LocalRotation.y
      value: -0
      objectReference: {fileID: 0}
    - target: {fileID: 6049982570118121358, guid: 215544d23644cf34ea251e58fd9c5095,
        type: 3}
      propertyPath: m_LocalRotation.z
      value: -0
      objectReference: {fileID: 0}
    - target: {fileID: 6049982570118121358, guid: 215544d23644cf34ea251e58fd9c5095,
        type: 3}
      propertyPath: m_LocalRotation.w
      value: 1
      objectReference: {fileID: 0}
    - target: {fileID: 6049982570118121358, guid: 215544d23644cf34ea251e58fd9c5095,
        type: 3}
      propertyPath: m_RootOrder
      value: 1
      objectReference: {fileID: 0}
    - target: {fileID: 6049982570118121358, guid: 215544d23644cf34ea251e58fd9c5095,
        type: 3}
      propertyPath: m_LocalEulerAnglesHint.x
      value: 0
      objectReference: {fileID: 0}
    - target: {fileID: 6049982570118121358, guid: 215544d23644cf34ea251e58fd9c5095,
        type: 3}
      propertyPath: m_LocalEulerAnglesHint.y
      value: 0
      objectReference: {fileID: 0}
    - target: {fileID: 6049982570118121358, guid: 215544d23644cf34ea251e58fd9c5095,
        type: 3}
      propertyPath: m_LocalEulerAnglesHint.z
      value: 0
      objectReference: {fileID: 0}
    m_RemovedComponents: []
  m_SourcePrefab: {fileID: 100100000, guid: 215544d23644cf34ea251e58fd9c5095, type: 3}
--- !u!4 &3316945223228400336 stripped
Transform:
  m_CorrespondingSourceObject: {fileID: 6049982570118121358, guid: 215544d23644cf34ea251e58fd9c5095,
    type: 3}
  m_PrefabInstance: {fileID: 9078679659612677470}
  m_PrefabAsset: {fileID: 0}
